@article{42240,
title = {Wikidata: A Free Collaborative Knowledge Base},
author  = {Denny Vrande\v{c}i\'{c} and Markus Kr\"{o}tzsch},
year  = 2014,
journal = {Communications of the ACM},
pages = {78--85},
volume  = {57},
note = { \url{http://cacm.acm.org/magazines/2014/10/178785-wikidata/fulltext}}
}

% Triple parse tree
@MISC{parsetree,
    author = {Delia Rusu and Lorand Dali and Blaž Fortuna and Marko Grobelnik and Dunja Mladenić},
    title = {Triplet extraction from sentences},
    year = {2007},
    note = {\url{http://ailab.ijs.si/delia_rusu/Papers/is_2007.pdf}}
}

% Triple parse tree
@MISC{parsetree2,
    author = {Aaron Defazio},
    title = {Natural Language Question Answering Over Triple Knowledge Bases},
    year = {2009},
    note = {\url{http://users.cecs.anu.edu.au/~adefazio/TripleQuestionAnswering-adefazio.pdf}}
}

% Stanford manual
@MISC{stanfordmanual,
    author = {Marie-Catherine de Marneffe and Christopher D. Manning},
    title = {Stanford typed dependencies manual},
    year = {2013},
    note = {\url{http://nlp.stanford.edu/software/dependencies_manual.pdf}}
}

@article{collobert,
  title = {Natural Language Processing (Almost) from Scratch},
  author = {R. Collobert and J. Weston and L. Bottou and M. Karlen and K. Kavukcuoglu and P. Kuksa},
  journal = {Journal of Machine Learning Research},
  volume = {12},
  pages = {2493--2537},
  year = {2011}
}

@incollection{fischer2012introduction,
  title={An introduction to restricted Boltzmann machines},
  author={Fischer, Asja and Igel, Christian},
  booktitle={Progress in Pattern Recognition, Image Analysis, Computer Vision, and Applications},
  pages={14--36},
  year={2012},
  publisher={Springer}
}


% Zouaq1
@inproceedings{Zouaq1,
 author = {Zouaq, Amal and Nkambou, Roger and Frasson, Claude},
 title = {The Knowledge Puzzle: An Integrated Approach of Intelligent Tutoring Systems and Knowledge Management},
 booktitle = {Proceedings of the 18th IEEE International Conference on Tools with Artificial Intelligence},
 series = {ICTAI '06},
 year = {2006},
 isbn = {0-7695-2728-0},
 pages = {575--582},
 numpages = {8},
 url = {http://dx.doi.org/10.1109/ICTAI.2006.111},
 doi = {10.1109/ICTAI.2006.111},
 acmid = {1191073},
 publisher = {IEEE Computer Society},
 address = {Washington, DC, USA},
} 

% Zouaq2
@inproceedings{Zouaq2,
 author = {Zouaq, Amal and Nkambou, Roger and Frasson, Claude},
 title = {Building Domain Ontologies from Text for Educational Purposes},
 booktitle = {Proceedings of the Second European Conference on Technology Enhanced Learning: Creating New Learning Experiences on a Global Scale},
 series = {EC-TEL'07},
 year = {2007},
 isbn = {3-540-75194-7, 978-3-540-75194-6},
 location = {Crete, Greece},
 pages = {393--407},
 numpages = {15},
 url = {http://dl.acm.org/citation.cfm?id=2394166.2394195},
 acmid = {2394195},
 publisher = {Springer-Verlag},
 address = {Berlin, Heidelberg},
 keywords = {domain concept map, domain ontology, e-learning, intelligent tutoring systems, knowledge extraction from text},
} 

@article{hinton2006reducing,
  title={Reducing the dimensionality of data with neural networks},
  author={Hinton, Geoffrey E and Salakhutdinov, Ruslan R},
  journal={Science},
  volume={313},
  number={5786},
  pages={504--507},
  year={2006},
  publisher={American Association for the Advancement of Science}
}