@article{42240,
title = {Wikidata: A Free Collaborative Knowledge Base},
author  = {Denny Vrande\v{c}i\'{c} and Markus Kr\"{o}tzsch},
year  = 2014,
journal = {Communications of the ACM},
pages = {78--85},
volume  = {57},
note = { \url{http://cacm.acm.org/magazines/2014/10/178785-wikidata/fulltext}}
}

@booklet{stanfordDep,
title = {Stanford typed dependencies manual},
author = {Marie-Catherine de Marneffe and Christopher D. Manning},
year = 2008,
note = { \url{http://nlp.stanford.edu/software/dependencies_manual.pdf}}
}

@article{collobert,
  title = {Natural Language Processing (Almost) from Scratch},
  author = {R. Collobert and J. Weston and L. Bottou and M. Karlen and K. Kavukcuoglu and P. Kuksa},
  journal = {Journal of Machine Learning Research},
  volume = {12},
  pages = {2493--2537},
  year = {2011}
}

@incollection{fischer2012introduction,
  title={An introduction to restricted Boltzmann machines},
  author={Fischer, Asja and Igel, Christian},
  booktitle={Progress in Pattern Recognition, Image Analysis, Computer Vision, and Applications},
  pages={14--36},
  year={2012},
  publisher={Springer}
}

@article{hinton2006reducing,
  title={Reducing the dimensionality of data with neural networks},
  author={Hinton, Geoffrey E and Salakhutdinov, Ruslan R},
  journal={Science},
  volume={313},
  number={5786},
  pages={504--507},
  year={2006},
  publisher={American Association for the Advancement of Science}
}